
@book{beauchamp1975walsh,
  title={Walsh functions and their applications},
  author={Beauchamp, K.G.},
  isbn={9780120840502},
  lccn={76358048},
  url={http://books.google.com.au/books?id=jU\_vAAAAMAAJ},
  year={1975},
  publisher={Academic Press}
}



@inproceedings{RoseLYDGSKJA12,
  author    = {Jonathan Rose and
               Jason Luu and
               Chi Wai Yu and
               Opal Densmore and
               Jeffrey Goeders and
               Andrew Somerville and
               Kenneth B. Kent and
               Peter Jamieson and
               Jason Helge Anderson},
  title     = {The VTR project: architecture and CAD for FPGAs from verilog
               to routing},
  booktitle = {FPGA},
  year      = {2012},
  pages     = {77-86},
  ee        = {http://doi.acm.org/10.1145/2145694.2145708},
  crossref  = {DBLP:conf/fpga/2012},
  bibsource = {DBLP, http://dblp.uni-trier.de}
}

@proceedings{DBLP:conf/fpga/2012,
  editor    = {Katherine Compton and
               Brad L. Hutchings},
  title     = {Proceedings of the ACM/SIGDA 20th International Symposium
               on Field Programmable Gate Arrays, FPGA 2012, Monterey,
               California, USA, February 22-24, 2012},
  booktitle = {FPGA},
  publisher = {ACM},
  year      = {2012},
  isbn      = {978-1-4503-1155-7},
  bibsource = {DBLP, http://dblp.uni-trier.de}
}

@inproceedings{LuuAR11,
  author    = {Jason Luu and
               Jason Helge Anderson and
               Jonathan Rose},
  title     = {Architecture description and packing for logic blocks with
               hierarchy, modes and complex interconnect},
  booktitle = {FPGA},
  year      = {2011},
  pages     = {227-236},
  ee        = {http://doi.acm.org/10.1145/1950413.1950457},
  crossref  = {DBLP:conf/fpga/2011},
  bibsource = {DBLP, http://dblp.uni-trier.de}
}

@proceedings{DBLP:conf/fpga/2011,
  editor    = {John Wawrzynek and
               Katherine Compton},
  title     = {Proceedings of the ACM/SIGDA 19th International Symposium
               on Field Programmable Gate Arrays, FPGA 2011, Monterey,
               California, USA, February 27, March 1, 2011},
  booktitle = {FPGA},
  publisher = {ACM},
  year      = {2011},
  isbn      = {978-1-4503-0554-9},
  bibsource = {DBLP, http://dblp.uni-trier.de}
}


@article{Shanks:69,
author = {J.L. Shanks},
title = {Computation of the Fast Walsh-Fourier Transform},
journal ={IEEE Transactions on Computers},
volume = {18},
number = {5},
issn = {0018-9340},
year = {1969},
pages = {457-459},
doi = {http://doi.ieeecomputersociety.org/10.1109/T-C.1969.222685},
publisher = {IEEE Computer Society},
address = {Los Alamitos, CA, USA},
}

